[gd_scene load_steps=13 format=2]

[ext_resource path="res://assets/graphics/points/bunker/bunker_4.png" type="Texture" id=1]
[ext_resource path="res://assets/graphics/points/bunker/bunker_2.png" type="Texture" id=2]
[ext_resource path="res://assets/graphics/points/bunker/bunker_1.png" type="Texture" id=3]
[ext_resource path="res://assets/graphics/points/bunker/bunker_3.png" type="Texture" id=4]
[ext_resource path="res://assets/graphics/white.png" type="Texture" id=5]
[ext_resource path="res://assets/shaders/glow.shader" type="Shader" id=6]

[sub_resource type="ShaderMaterial" id=1]
shader = ExtResource( 6 )
shader_param/opacity = 0.5

[sub_resource type="Animation" id=2]
tracks/0/type = "value"
tracks/0/path = NodePath("bunker_2:position")
tracks/0/interp = 2
tracks/0/loop_wrap = true
tracks/0/imported = false
tracks/0/enabled = true
tracks/0/keys = {
"times": PoolRealArray( 0, 1 ),
"transitions": PoolRealArray( 1, 1 ),
"update": 0,
"values": [ Vector2( -10, -26 ), Vector2( -22, -26 ) ]
}
tracks/1/type = "value"
tracks/1/path = NodePath("bunker_3:position")
tracks/1/interp = 2
tracks/1/loop_wrap = true
tracks/1/imported = false
tracks/1/enabled = true
tracks/1/keys = {
"times": PoolRealArray( 0, 1 ),
"transitions": PoolRealArray( 1, 1 ),
"update": 0,
"values": [ Vector2( 10, -26 ), Vector2( 22, -26 ) ]
}
tracks/2/type = "value"
tracks/2/path = NodePath("bunker_1:position")
tracks/2/interp = 2
tracks/2/loop_wrap = true
tracks/2/imported = false
tracks/2/enabled = true
tracks/2/keys = {
"times": PoolRealArray( 0, 1 ),
"transitions": PoolRealArray( 1, 1 ),
"update": 0,
"values": [ Vector2( 0, -15 ), Vector2( 0, -31 ) ]
}
tracks/3/type = "value"
tracks/3/path = NodePath("col2:position")
tracks/3/interp = 2
tracks/3/loop_wrap = true
tracks/3/imported = false
tracks/3/enabled = true
tracks/3/keys = {
"times": PoolRealArray( 0, 1 ),
"transitions": PoolRealArray( 1, 1 ),
"update": 0,
"values": [ Vector2( 10, -26 ), Vector2( 22, -26 ) ]
}
tracks/4/type = "value"
tracks/4/path = NodePath("col:position")
tracks/4/interp = 2
tracks/4/loop_wrap = true
tracks/4/imported = false
tracks/4/enabled = true
tracks/4/keys = {
"times": PoolRealArray( 0, 1 ),
"transitions": PoolRealArray( 1, 1 ),
"update": 0,
"values": [ Vector2( -10, -26 ), Vector2( -22, -26 ) ]
}
tracks/5/type = "value"
tracks/5/path = NodePath("col3:position")
tracks/5/interp = 2
tracks/5/loop_wrap = true
tracks/5/imported = false
tracks/5/enabled = true
tracks/5/keys = {
"times": PoolRealArray( 0, 1 ),
"transitions": PoolRealArray( 1, 1 ),
"update": 0,
"values": [ Vector2( 0, -21 ), Vector2( 0, -37 ) ]
}
tracks/6/type = "value"
tracks/6/path = NodePath("bunker_4/bar:position")
tracks/6/interp = 1
tracks/6/loop_wrap = true
tracks/6/imported = false
tracks/6/enabled = true
tracks/6/keys = {
"times": PoolRealArray( 0, 1 ),
"transitions": PoolRealArray( 1, 1 ),
"update": 0,
"values": [ Vector2( -0.06, -2 ), Vector2( -0.06, -4 ) ]
}
tracks/7/type = "value"
tracks/7/path = NodePath("bunker_4/bar:scale")
tracks/7/interp = 1
tracks/7/loop_wrap = true
tracks/7/imported = false
tracks/7/enabled = true
tracks/7/keys = {
"times": PoolRealArray( 0, 1 ),
"transitions": PoolRealArray( 1, 1 ),
"update": 0,
"values": [ Vector2( 0.00804688, 0 ), Vector2( 0.00804688, 0.0078175 ) ]
}
tracks/8/type = "value"
tracks/8/path = NodePath("bunker_4/glow:position")
tracks/8/interp = 1
tracks/8/loop_wrap = true
tracks/8/imported = false
tracks/8/enabled = true
tracks/8/keys = {
"times": PoolRealArray( 0, 1 ),
"transitions": PoolRealArray( 1, 1 ),
"update": 0,
"values": [ Vector2( 0, -2 ), Vector2( 0, -4 ) ]
}
tracks/9/type = "value"
tracks/9/path = NodePath("bunker_4/glow:scale")
tracks/9/interp = 1
tracks/9/loop_wrap = true
tracks/9/imported = false
tracks/9/enabled = true
tracks/9/keys = {
"times": PoolRealArray( 0, 1 ),
"transitions": PoolRealArray( 1, 1 ),
"update": 0,
"values": [ Vector2( 0.02, -3.90625e-05 ), Vector2( 0.02, 0.02 ) ]
}

[sub_resource type="RectangleShape2D" id=3]

[sub_resource type="RectangleShape2D" id=4]
extents = Vector2( 11, 10 )

[sub_resource type="RectangleShape2D" id=5]
extents = Vector2( 32, 8 )

[sub_resource type="ShaderMaterial" id=6]
shader = ExtResource( 6 )
shader_param/opacity = 0.4

[node name="2_bunker" type="StaticBody2D"]
collision_layer = 3
collision_mask = 3

[node name="bunker_1" type="Sprite" parent="."]
position = Vector2( 0, -15 )
texture = ExtResource( 3 )

[node name="bunker_2" type="Sprite" parent="."]
position = Vector2( -10, -26 )
texture = ExtResource( 2 )

[node name="bunker_3" type="Sprite" parent="."]
position = Vector2( 10, -26 )
texture = ExtResource( 4 )

[node name="bunker_4" type="Sprite" parent="."]
position = Vector2( 0, -12 )
texture = ExtResource( 1 )

[node name="bar" type="Sprite" parent="bunker_4"]
position = Vector2( -0.06, -2 )
scale = Vector2( 0.00804688, 1e-05 )
texture = ExtResource( 5 )

[node name="glow" type="Sprite" parent="bunker_4"]
material = SubResource( 1 )
position = Vector2( 0, -2 )
scale = Vector2( 0.02, -3.90625e-05 )
z_index = 11
z_as_relative = false
texture = ExtResource( 5 )

[node name="anim" type="AnimationPlayer" parent="."]
anims/process = SubResource( 2 )

[node name="col" type="CollisionShape2D" parent="."]
visible = false
position = Vector2( -10, -26 )
shape = SubResource( 3 )

[node name="col2" type="CollisionShape2D" parent="."]
visible = false
position = Vector2( 10, -26 )
shape = SubResource( 3 )

[node name="col3" type="CollisionShape2D" parent="."]
visible = false
position = Vector2( 0, -21 )
shape = SubResource( 4 )

[node name="col4" type="CollisionShape2D" parent="."]
visible = false
position = Vector2( 0, -8 )
shape = SubResource( 5 )

[node name="tw" type="Tween" parent="."]

[node name="glow" type="Sprite" parent="."]
material = SubResource( 6 )
z_index = 11
z_as_relative = false
texture = ExtResource( 5 )
__meta__ = {
"_editor_description_": ""
}
